<?xml version="1.0" encoding="UTF-8"?><collection xmlns="http://www.loc.gov/MARC21/slim"><record><leader>00399nam--2200169-u-4500</leader><controlfield tag="001">000051509</controlfield><controlfield tag="002">20161230</controlfield><controlfield tag="005">20161230201049</controlfield><controlfield tag="008">080724s1000------------r-----000-0-eng-d</controlfield><datafield ind1=" " ind2=" " tag="040"><subfield code="a">IFIN-HH</subfield></datafield><datafield ind1=" " ind2=" " tag="080"><subfield code="a">514.142</subfield></datafield><datafield ind1="1" ind2=" " tag="100"><subfield code="a">Norden,A.P</subfield></datafield><datafield ind1="1" ind2="0" tag="245"><subfield code="a">Prostranstva Affinnoi Svyaznosti</subfield></datafield><datafield ind1=" " ind2=" " tag="260"><subfield code="a">Moskva</subfield><subfield code="b">Nauka</subfield><subfield code="c">1976</subfield></datafield><datafield ind1=" " ind2=" " tag="300"><subfield code="a">432 p</subfield></datafield><datafield ind1=" " ind2=" " tag="852"><subfield code="a">75959</subfield><subfield code="c">517.43</subfield></datafield><datafield ind1=" " ind2=" " tag="CAT"><subfield code="a">Sys</subfield><subfield code="c">20080724</subfield><subfield code="h">093917</subfield></datafield></record></collection>